@inproceedings{floros2020,
  title = {Fast Graphlet Transform of Sparse Graphs},
  booktitle = {{{IEEE High Performance Extreme Computing Conference}}},
  author = {Floros, Dimitris and Pitsianis, Nikos and Sun, Xiaobai},
  year = {2020},
}

